@conference{,
  author = {Kirill Bobyrev \& Vassil Vassilev},
  title = {Code Clone Detection in Clang Static Analyzer: Detecting Copy-paste using Static Analysis},
  booktitle = {LLVM Developers' Meeting conference poster},
  year = {2015},
  address = {San Jose, CA, USA},
  month = {Oct.~29-30},
}